<record><leader>00000cas a22000007a 4500</leader><controlfield tag="001">7729640</controlfield><controlfield tag="008">810904d18441850nyuwr ne      0   a0eng d</controlfield><datafield ind1=" " ind2=" " tag="010"><subfield code="a">sn 88074788 </subfield></datafield><datafield ind1=" " ind2=" " tag="040"><subfield code="a">MUL</subfield><subfield code="b">eng</subfield><subfield code="c">MUL</subfield><subfield code="d">NYS</subfield><subfield code="d">OCL</subfield><subfield code="d">NYS</subfield><subfield code="d">OCLCF</subfield><subfield code="d">OCLCO</subfield></datafield><datafield ind1="1" ind2=" " tag="029"><subfield code="a">AU@</subfield><subfield code="b">000025833027</subfield></datafield><datafield ind1=" " ind2=" " tag="042"><subfield code="a">msc</subfield></datafield><datafield ind1="0" ind2="0" tag="245"><subfield code="a">Herkimer freeman.</subfield></datafield><datafield ind1=" " ind2=" " tag="260"><subfield code="a">Little Falls, N.Y. :</subfield><subfield code="b">O.A. Bowe,</subfield><subfield code="c">1844-</subfield></datafield><datafield ind1=" " ind2=" " tag="300"><subfield code="a">v.</subfield></datafield><datafield ind1=" " ind2=" " tag="310"><subfield code="a">Weekly</subfield></datafield><datafield ind1="0" ind2=" " tag="362"><subfield code="a">No. 1 (June 28, 1844)-</subfield></datafield><datafield ind1="1" ind2=" " tag="362"><subfield code="a">Ceased in 1850.</subfield><subfield code="z">Cf. French, J.H.  Gazetteer of the state of N.Y., 1860.</subfield></datafield><datafield ind1=" " ind2=" " tag="500"><subfield code="a">An anti-slavery paper, devoted mainly to the interests of the Liberty Party.</subfield></datafield><datafield ind1=" " ind2="0" tag="651"><subfield code="a">Little Falls (N.Y.)</subfield><subfield code="v">Newspapers.</subfield></datafield><datafield ind1=" " ind2="0" tag="651"><subfield code="a">Herkimer County (N.Y.)</subfield><subfield code="v">Newspapers.</subfield></datafield><datafield ind1=" " ind2="7" tag="655"><subfield code="a">Newspapers.</subfield><subfield code="2">fast</subfield><subfield code="0">(OCoLC)fst01423814</subfield></datafield><datafield ind1=" " ind2="7" tag="651"><subfield code="a">New York (State)</subfield><subfield code="z">Herkimer County.</subfield><subfield code="2">fast</subfield><subfield code="0">(OCoLC)fst01223285</subfield></datafield><datafield ind1=" " ind2="7" tag="651"><subfield code="a">New York (State)</subfield><subfield code="z">Little Falls.</subfield><subfield code="2">fast</subfield><subfield code="0">(OCoLC)fst01224076</subfield></datafield><datafield ind1=" " ind2=" " tag="752"><subfield code="a">United States</subfield><subfield code="b">New York</subfield><subfield code="c">Herkimer</subfield><subfield code="d">Little Falls.</subfield></datafield><datafield ind1="0" ind2="0" tag="785"><subfield code="t">Mohawk times</subfield><subfield code="w">(DLC)sn 96083564</subfield><subfield code="w">(OCoLC)35126697</subfield></datafield><datafield ind1=" " ind2=" " tag="936"><subfield code="a">No. 228 (Dec. 5, 1848) LIC</subfield></datafield></record>